@book{SMAD,
  author = {David F. Everett and Jeffrey J. Puschell},
  title = {Space Mission Engineering: The New SMAD},
  publisher = {Microcosm Press},
  year = {2011},
}

@nanostar{webpage,
  author       = {NANOSTAR Project},
  title        = {Attitude Determination and Control},
  howpublished = {Available online},
  year         = {2019},
  note         = {Accessed on 27 February 2024},
  url          = {https://nanostar-project.gitlab.io/main/source/preliminary-design/adcs.html},
}

@mastersthesis{vos,
  author  = "M. Vos",
  title   = "Delfi-n3Xtâ€™s Attitude Determiniation and Control Subsystem: Implementation and verification of the hardware and software",
  school  = "Delft University of Technology",
  address = "Delft, Netherlands",
  month   = "May",
  year    = "2013"
}

@article{diebel,
author = {Diebel, James},
year = {2006},
month = {01},
pages = {},
title = {Representing Attitude: Euler Angles, Unit Quaternions, and Rotation Vectors},
volume = {58},
journal = {Matrix}
}

@book{wertz1978,
  title        = {Spacecraft Attitude Determination and Control},
  editor       = {Wertz, James R.},
  author       = {{Computer Sciences Corporation. Attitude Systems Operation}},
  year         = {1978},
  publisher    = {Reidel},
  isbn         = {9027709599},
  language     = {English},
  url          = {https://nla.gov.au/nla.cat-vn2527013},
  note         = {Accessed on 15th March 2024 via National Library of Australia},
}

@article{black,
author = {BLACK, HAROLD D.},
title = {A passive system for determining the attitude of a satellite},
journal = {AIAA Journal},
volume = {2},
number = {7},
pages = {1350-1351},
year = {1964},
doi = {10.2514/3.2555},
URL = {https://doi.org/10.2514/3.2555},
eprint = {https://doi.org/10.2514/3.2555}
}

@article{wahba,
author = {Wahba, Grace},
title = {A Least Squares Estimate of Satellite Attitude},
journal = {SIAM Review},
volume = {7},
number = {3},
pages = {409-409},
year = {1965},
doi = {10.1137/1007077},
URL = {https://doi.org/10.1137/1007077},
eprint = {https://doi.org/10.1137/1007077}
}

@article{markley,
  author    = {F. Landis Markley and Daniele Mortari},
  title     = {Quaternion Attitude Estimation Using Vector Observations},
  journal   = {The Journal of the Astronautical Sciences},
  volume    = {48},
  year      = {2000},
  month     = {September},
}

@online{wiki:quadraticform,
  author    = {Wikipedia},
  title     = {Quadratic Form},
  url       = {http://en.wikipedia.org/wiki/Quadratic_form},
  urldate   = {2024-03-16},
}

@book{kalman,
  author    = {Welch, Greg and Bishop, Gary},
  title     = {An Introduction to the Kalman Filter},
  year      = {2001},
  publisher = {University of North Carolina at Chapel Hill},
}

@article{stickler,
  author    = {Stickler, A. C. and Alfriend, K. T.},
  title     = {Elementary Magnetic Attitude Control System},
  journal   = {Journal of Spacecraft and Rockets},
  pages     = {282--287},
  year      = {1975},
  volume    = {12},
  number    = {4},
  publisher = {American Institute of Aeronautics and Astronautics},
}

@mastersthesis{reijneveld,
  author      = {Reijneveld, Johannes P. J.},
  title       = {Design of the Attitude Determination and Control Algorithms for the Delfi-n3xt},
  school      = {TU Delft},
  year        = {2012},
  month       = {January},
}

@article{weiss,
  author      = {Weiss, H. and Wie, B. and Arapostathis, A.},
  title       = {Quaternion Feedback Regulators for Spacecraft Eigenaxis Rotation},
  journal     = {AIAA Journal of Guidance, Control, and Dynamics},
  year        = {1989},
  volume      = {12},
  number      = {5},
  pages       = {772--775},
}

@article{tsai,
  title       = {Remote Sensing of Electron Precipitation Mechanisms enabled by ELFIN Mission Operations and ADCS},
  author      = {Tsai et al},
  journal     = {Journal of Geophysical Research: Space Physics},
  volume      = {118},
  number      = {5},
  pages       = {2791--2804},
  year        = {2013},
  doi         = {10.1002/jgra.50282},
  publisher   = {Wiley},
  address     = {Hoboken, NJ, USA},
}

@inproceedings{mehrjardi2,
  author       = {Mehrjardi, Mohamad Fakhari and Mirshams, Mehran},
  title        = {Design and Manufacturing of a Research Magnetic Torquer Rod},
  booktitle    = {Fourth International Conference on Experimental Mechanics},
  year         = {2009},
  doi          = {10.1117/12.851652}
}

@online{mehrjardi3,
  title        = {The Hysteresis Loop and Magnetic Properties},
  organization = {NDT Resource Center},
  url          = {https://www.nde-ed.org/EducationResources/CommunityCollege/MagParticle/Physics/HysteresisLoop.htm},
  note         = {Web},
  year         = {Accessed on 2024-02-13}
}

@article{neudose,
  author = {Alexander Barovier, Dia Martinez Gracey, Devan Wagner, Andrei Hanu, Soo Hyun Byun, Eric Johnston, Aaron Pitcher and Daniel Tajik},
  title = {Design of the Passive Magnetic Attitude Control System for the McMaster Neudose CubeSat},
  year = {2022}
}

